@article{ylhaisi2014twenty,
  title={Twenty-first century changes in daily temperature variability in CMIP3 climate models},
  author={Ylh{\"a}isi, Jussi S and R{\"a}is{\"a}nen, Jouni},
  journal={International Journal of Climatology},
  volume={34},
  number={5},
  pages={1414--1428},
  year={2014},
  publisher={Wiley Online Library}
}


@article{fischer2009future,
  title={Future changes in daily summer temperature variability: driving processes and role for temperature extremes},
  author={Fischer, Erich M and Sch{\"a}r, Christoph},
  journal={Climate Dynamics},
  volume={33},
  number={7-8},
  pages={917},
  year={2009},
  publisher={Springer}
}


@article{vega2017analysis,
  title={Analysis of ENSOâ€™s response to unforced variability and anthropogenic forcing using CESM},
  author={Vega-Westhoff, Benjamin and Sriver, Ryan L},
  journal={Scientific reports},
  volume={7},
  number={1},
  pages={18047},
  year={2017},
  publisher={Nature Publishing Group}
}

@article{hogan2017analyzing,
  title={Analyzing the Effect of Ocean Internal Variability on Depth-Integrated Steric Sea-Level Rise Trends Using a Low-Resolution CESM Ensemble},
  author={Hogan, Emily and Sriver, Ryan},
  journal={Water},
  volume={9},
  number={7},
  pages={483},
  year={2017},
  publisher={Multidisciplinary Digital Publishing Institute}
}

@article{pearse2017statistical,
  title={A statistical estimator for determining the limits of contemporary and historic phenology},
  author={Pearse, William D and Davis, Charles C and Inouye, David W and Primack, Richard B and Davies, T Jonathan},
  journal={Nature ecology \& evolution},
  volume={1},
  number={12},
  pages={1876},
  year={2017},
  publisher={Nature Publishing Group}
}


@Book{ESL,
  Title                    = {Elements of Statistical Learning},
  Author                   = {Hastie, T. and Tibshirani, R. and Friedman, J.},
  Publisher                = {Springer},
  Year                     = {2009},
  Edition                  = {2nd},
  Date-added               = {2012-04-19 12:42:27 -0700},
  Date-modified            = {2012-04-19 12:43:47 -0700}
}


@article{bondell2010noncrossing,
  title={Noncrossing quantile regression curve estimation},
  author={Bondell, Howard D and Reich, Brian J and Wang, Huixia},
  journal={Biometrika},
  volume={97},
  number={4},
  pages={825--838},
  year={2010},
  publisher={Oxford University Press}
}

@article{gao2017quantile,
  title={Quantile Regression--Based Spatiotemporal Analysis of Extreme Temperature Change in China},
  author={Gao, Meng and Franzke, Christian LE},
  journal={Journal of Climate},
  volume={30},
  number={24},
  pages={9897--9914},
  year={2017}
}

@article{franzke2015local,
  title={Local trend disparities of European minimum and maximum temperature extremes},
  author={Franzke, Christian LE},
  journal={Geophysical Research Letters},
  volume={42},
  number={15},
  pages={6479--6484},
  year={2015},
  publisher={Wiley Online Library}
}

@article{stainforth2013mapping,
  title={Mapping climate change in European temperature distributions},
  author={Stainforth, David A and Chapman, Sandra C and Watkins, Nicholas W},
  journal={Environmental Research Letters},
  volume={8},
  number={3},
  pages={034031},
  year={2013},
  publisher={IOP Publishing}
}

@article{chapman2013estimating,
  title={On estimating local long-term climate trends},
  author={Chapman, Sandra C and Stainforth, David A and Watkins, Nicholas W},
  journal={Phil. Trans. R. Soc. A},
  volume={371},
  number={1991},
  pages={20120287},
  year={2013},
  publisher={The Royal Society}
}

@article{davison2012statistical,
  title={Statistical modeling of spatial extremes},
  author={Davison, A. C. and Padoan, S. A and Ribatet, M.},
  journal={Statistical science},
  pages={161--186},
  year={2012},
  publisher={JSTOR}
}
@article{huser2014space,
  title={Space--time modelling of extreme events},
  author={Huser, R. and Davison, A.C.},
  journal={Journal of the Royal Statistical Society: Series B (Statistical Methodology)},
  volume={76},
  number={2},
  pages={439--461},
  year={2014},
  publisher={Wiley Online Library}
}

@article{meehl2009relative,
  title={Relative increase of record high maximum temperatures compared to record low minimum temperatures in the {US}},
  author={Meehl, G. A. and Tebaldi, C. and Walton, G. and Easterling, D. and McDaniel, L.},
  journal={Geophysical Research Letters},
  volume={36},
  number={23},
  year={2009},
  publisher={Wiley Online Library}
}

@article{raisanen2002co2,
  title={{CO}2-induced changes in interannual temperature and precipitation variability in 19 {CMIP2} experiments},
  author={R{\"a}is{\"a}nen, J.},
  journal={Journal of Climate},
  volume={15},
  number={17},
  pages={2395--2411},
  year={2002}
}

@article{semenov2002secular,
  title={Secular trends in daily precipitation characteristics: greenhouse gas simulation with a coupled {AOGCM}},
  author={Semenov, V. and Bengtsson, L.},
  journal={Climate Dynamics},
  volume={19},
  number={2},
  pages={123--140},
  year={2002},
  publisher={Springer}
}

@article{kitoh2009changes,
  title={Changes in daily and monthly surface air temperature variability by multi-model global warming experiments},
  author={Kitoh, A. and Mukano, T.},
  journal={Journal of the Meteorological Society of Japan. Ser. II},
  volume={87},
  number={3},
  pages={513--524},
  year={2009},
  publisher={Meteorological Society of Japan}
}

@Article{poppick2017estimating,
AUTHOR = {Poppick, A. and Moyer, E. J. and Stein, M. L.},
TITLE = {Estimating trends in the global mean temperature record},
JOURNAL = {Advances in Statistical Climatology, Meteorology and Oceanography},
VOLUME = {3},
YEAR = {2017},
NUMBER = {1},
PAGES = {33--53},
URL = {http://www.adv-stat-clim-meteorol-oceanogr.net/3/33/2017/},
DOI = {10.5194/ascmo-3-33-2017}
}

@article{northrop2011threshold,
  title={Threshold modelling of spatially dependent non-stationary extremes with application to hurricane-induced wave heights},
  author={Northrop, P. J. and Jonathan, P.},
  journal={Environmetrics},
  volume={22},
  number={7},
  pages={799--809},
  year={2011},
  publisher={Wiley Online Library}
}
@article{mearns2009regional,
  title={A regional climate change assessment program for {N}orth {A}merica},
  author={Mearns, L. O. and Gutowski, W. and Jones, R. and Leung, R. and McGinnis, S. and Nunes, A. and Qian, Y.},
  journal={Eos, Transactions American Geophysical Union},
  volume={90},
  number={36},
  pages={311--311},
  year={2009},
  publisher={Wiley Online Library}
}

@article{taylor2012overview,
  title={An overview of {CMIP}5 and the experiment design},
  author={Taylor, K. E. and Stouffer, R. J. and Meehl, G. A.},
  journal={Bulletin of the American Meteorological Society},
  volume={93},
  number={4},
  pages={485--498},
  year={2012},
  publisher={American Meteorological Society}
}

@article{stott2004human,
  title={Human contribution to the {E}uropean heatwave of 2003},
  author={Stott, P. A. and Stone, D. A and Allen, M. R.},
  journal={Nature},
  volume={432},
  number={7017},
  pages={610--614},
  year={2004},
  publisher={Nature Publishing Group}
}

@article{trenberth2015attribution,
  title={Attribution of climate extreme events},
  author={Trenberth, K. E. and Fasullo, J. T. and Shepherd, T. G.},
  journal={Nature Climate Change},
  volume={5},
  number={8},
  pages={725--730},
  year={2015},
  publisher={Nature Research}
}

@article{trenberth2011attribution,
  title={Attribution of climate variations and trends to human influences and natural variability},
  author={Trenberth, K. E.},
  journal={Wiley Interdisciplinary Reviews: Climate Change},
  volume={2},
  number={6},
  pages={925--930},
  year={2011},
  publisher={Wiley Online Library}
}

@article{reich2011bayesian,
  title={Bayesian spatial quantile regression},
  author={Reich, B. J. and Fuentes, M. and Dunson, D. B.},
  journal={Journal of the American Statistical Association},
  volume={106},
  number={493},
  pages={6--20},
  year={2011},
  publisher={Taylor \& Francis}
}

@article{shields2012low,
  title={The low-resolution {CCSM4}},
  author={Shields, C. A. and Bailey, D. A. and Danabasoglu, G. and Jochum, M. and Kiehl, J. T and Levis, S. and Park, S.},
  journal={Journal of Climate},
  volume={25},
  number={12},
  pages={3993--4014},
  year={2012}
}

@article{dee2011era,
  title={The {ERA}-Interim reanalysis: Configuration and performance of the data assimilation system},
  author={Dee, D. P. and Uppala, S. M. and Simmons, A. J. and Berrisford, P. and Poli, P. and Kobayashi, S. and Andrae, U. and Balmaseda, M. A. and Balsamo, G. and Bauer, P. and others},
  journal={Quarterly Journal of the royal meteorological society},
  volume={137},
  number={656},
  pages={553--597},
  year={2011},
  publisher={Wiley Online Library}
}

@article{screen2014arctic,
  title={Arctic amplification decreases temperature variance in northern mid-to high-latitudes},
  author={Screen, J. A.},
  journal={Nature Climate Change},
  volume={4},
  number={7},
  pages={577--582},
  year={2014},
  publisher={Nature Research}
}

@article{fischer2014detection,
  title={Detection of spatially aggregated changes in temperature and precipitation extremes},
  author={Fischer, E. M. and Knutti, R.},
  journal={Geophysical Research Letters},
  volume={41},
  number={2},
  pages={547--554},
  year={2014},
  publisher={Wiley Online Library}
}

@article{donat2012shifting,
  title={The shifting probability distribution of global daytime and night-time temperatures},
  author={Donat, M. G. and Alexander, L. V.},
  journal={Geophysical Research Letters},
  volume={39},
  number={14},
  year={2012},
  publisher={Wiley Online Library}
}

@article{loikith2015surface,
  title={Surface temperature probability distributions in the {NARCCAP} hindcast experiment: {E}valuation methodology, metrics, and results},
  author={Loikith, P. C. and Waliser, D. E. and Lee, H. and Kim, J. and Neelin, J. D. and Lintner, B. R. and McGinnis, S. and Mattmann, C. A. and Mearns, L. O.},
  journal={Journal of Climate},
  volume={28},
  number={3},
  pages={978--997},
  year={2015}
}

@article{thompson2015quantifying,
  title={Quantifying the role of internal climate variability in future climate trends},
  author={Thompson, D. W. J. and Barnes, E. A. and Deser, C. and Foust, W. E. and Phillips, A. S.},
  journal={Journal of Climate},
  volume={28},
  number={16},
  pages={6443--6456},
  year={2015}
}

@article{davison1990models,
  title={Models for exceedances over high thresholds},
  author={Davison, A. C. and Smith, R. L.},
  journal={Journal of the Royal Statistical Society. Series B (Methodological)},
  pages={393--442},
  year={1990},
  publisher={JSTOR}
}

@article{otto2012reconciling,
  title={Reconciling two approaches to attribution of the 2010 {R}ussian heat wave},
  author={Otto, F. E. L. and Massey, N. and Oldenborgh, G. J. and Jones, R. G. and Allen, M. R.},
  journal={Geophysical Research Letters},
  volume={39},
  number={4},
  year={2012},
  publisher={Wiley Online Library}
}

@article{singh2014severe,
  title={Severe precipitation in {N}orthern {I}ndia in June 2013: causes, historical context, and changes in probability},
  author={Singh, D. and Horton, D. E. and Tsiang, M. and Haugen, M. and Ashfaq, M. and Mei, R. and Rastogi, D. and Johnson, N. C. and Charland, A. and Rajaratnam, B. and Diffenbaugh, N. S.},
  journal={Bulletin of the American Meteorological Society},
  volume={95},
  number={9},
  pages={S58},
  year={2014},
  publisher={American Meteorological Society}
}

@article{diffenbaugh2015anthropogenic,
  title={Anthropogenic warming has increased drought risk in {C}alifornia},
  author={Diffenbaugh, N. S. and Swain, D. L. and Touma, D.},
  journal={Proceedings of the National Academy of Sciences},
  volume={112},
  number={13},
  pages={3931--3936},
  year={2015},
  publisher={National Acad Sciences}
}

@article{eastoe2009modelling,
  title={Modelling non-stationary extremes with application to surface level ozone},
  author={Eastoe, E. F. and Tawn, J. A.},
  journal={Journal of the Royal Statistical Society: Series C (Applied Statistics)},
  volume={58},
  number={1},
  pages={25--45},
  year={2009},
  publisher={Wiley Online Library}
}

@article{chavez2005generalized,
  title={Generalized additive modelling of sample extremes},
  author={Chavez-Demoulin, V. and Davison, A. C.},
  journal={Journal of the Royal Statistical Society: Series C (Applied Statistics)},
  volume={54},
  number={1},
  pages={207--222},
  year={2005},
  publisher={Wiley Online Library}
}

@article{swain2014extraordinary,
  title={The extraordinary {C}alifornia drought of 2013/2014: Character, context, and the role of climate change},
  author={Swain, D. L. and Tsiang, M. and Haugen, M. and Singh, D. and Charland, A. and Rajaratnam, B. and Diffenbaugh, N. S.},
  journal={Bulletin of the American Meteorological Society},
  volume={95},
  number={9},
  pages={S3},
  year={2014},
  publisher={American Meteorological Society}
}

@article{jalbert2017spatiotemporal,
  title={A spatiotemporal model for extreme precipitation simulated by a climate model, with an application to assessing changes in return levels over {N}orth {A}merica},
  author={Jalbert, J. and Favre, A.-C. and B{\'e}lisle, C. and Angers, J.-F.},
  journal={Journal of the Royal Statistical Society: Series C (Applied Statistics)},
  year={2017},
  publisher={Wiley Online Library}
}

@article{katz1992extreme,
  title={Extreme events in a changing climate: variability is more important than averages},
  author={Katz, R. W. and Brown, B. G.},
  journal={Climatic change},
  volume={21},
  number={3},
  pages={289--302},
  year={1992},
  publisher={Springer}
}
@article{hagos2016projection,
  title={A projection of changes in landfalling atmospheric river frequency and extreme precipitation over western {N}orth {A}merica from the {L}arge {E}nsemble {CESM} simulations},
  author={Hagos, S. M. and Leung, L. R. and Yoon, J.-H. and Lu, J. and Gao, Y.},
  journal={Geophysical Research Letters},
  year={2016},
  publisher={Wiley Online Library}
}

@article{rodgers2015emergence,
  title={Emergence of multiple ocean ecosystem drivers in a large ensemble suite with an {E}arth {S}ystem {M}odel},
  author={Rodgers, K. B.  and Lin, J. and Fr{\"o}licher, T. L.},
  journal={Biogeosciences},
  volume={12},
  number={11},
  pages={3301},
  year={2015},
  publisher={Copernicus GmbH}
}

@article{deser2014projecting,
  title={Projecting {N}orth {A}merican climate over the next 50 years: {U}ncertainty due to internal variability},
  author={Deser, C. and Phillips, A. S. and Alexander, M. A. and Smoliak, B. V.},
  journal={Journal of Climate},
  volume={27},
  number={6},
  pages={2271--2296},
  year={2014}
}

@article{kay2015community,
  title={The {C}ommunity {E}arth {S}ystem {M}odel ({CESM}) large ensemble project: {A} community resource for studying climate change in the presence of internal climate variability},
  author={Kay, J. E. and Deser, C. and Phillips, A. and Mai, A. and Hannay, C. and Strand, G. and Arblaster, J. M. and Bates, S. C. and Danabasoglu, G. and Edwards, J. and others},
  journal={Bulletin of the American Meteorological Society},
  volume={96},
  number={8},
  pages={1333--1349},
  year={2015}
}

@article{huber2014natural,
  title={Natural variability, radiative forcing and climate response in the recent hiatus reconciled},
  author={Huber, M. and Knutti, R.},
  journal={Nature Geoscience},
  volume={7},
  number={9},
  pages={651--656},
  year={2014},
  publisher={Nature Research}
}

@article{buzan2015implementation,
  title={Implementation and comparison of a suite of heat stress metrics within the {C}ommunity {L}and {M}odel version 4.5},
  author={Buzan, J. R. and Oleson, K. and Huber, M.},
  journal={Geoscientific Model Development},
  volume={8},
  number={2},
  pages={151},
  year={2015},
  publisher={Copernicus GmbH}
}

@article{portnoy1997gaussian,
  title={The {G}aussian hare and the Laplacian tortoise: computability of squared-error versus absolute-error estimators},
  author={Portnoy, S. and Koenker, R.},
  journal={Statistical Science},
  volume={12},
  number={4},
  pages={279--300},
  year={1997},
  publisher={Institute of Mathematical Statistics}
}

@article{mckinnon2017observational,
  title={An â€˜{O}bservational {L}arge {E}nsembleâ€™ to compare observed and modeled temperature trend uncertainty due to internal variability},
  author={McKinnon, K. A. and Poppick, A. and Dunn-Sigouin, E. and Deser, C.},
  journal={Journal of Climate},
  volume={},
  number={},
  pages={},
  year={2017}
}

@article{rhines2017seasonally,
  title={Seasonally Resolved Distributional Trends of {N}orth {A}merican Temperatures Show Contraction of Winter Variability},
  author={Rhines, A. and McKinnon, K. A. and Tingley, M. P. and Huybers, P.},
  journal={Journal of Climate},
  volume={30},
  number={3},
  pages={1139--1157},
  year={2017}
}


@article{huang2015estimating,
  title={Estimating changes in temperature extremes from millennial scale climate simulations using generalized extreme value ({GEV}) distributions},
  author={Huang, W. K. and Stein, M. L. and McInerney, D. J. and Sun, S. and Moyer, E. J.},
  journal={arXiv preprint arXiv:1512.08775},
  year={2015}
}


@article{huang2015changes,
  title={Changes in {US} temperature extremes under increased {CO}2 in millennial-scale climate simulations},
  author={Huang, W. K. and Stein, M. L. and McInerney, D. J. and Sun, S. and Moyer, E. J.},
  journal={arXiv preprint arXiv:1512.08775},
  year={2015}
}


@article{deser2012communication,
  title={Communication of the role of natural variability in future {N}orth {A}merican climate},
  author={Deser, C. and Knutti, R. and Solomon, S. and Phillips, A. S.},
  journal={Nature Climate Change},
  volume={2},
  number={11},
  pages={775--779},
  year={2012},
  publisher={Nature Publishing Group}
}


@article{deser2012uncertainty,
  title={Uncertainty in climate change projections: the role of internal variability},
  author={Deser, C. and Phillips, A. and Bourdette, V. and Teng, H.},
  journal={Climate Dynamics},
  volume={38},
  number={3-4},
  pages={527--546},
  year={2012},
  publisher={Springer}
}

@article{koenker1978regression,
  title={Regression quantiles},
  author={Koenker, R. and Bassett Jr, G.},
  journal={Econometrica: journal of the Econometric Society},
  pages={33--50},
  year={1978},
  publisher={JSTOR}
}
@article{smith2010parallel,
  title={The parallel ocean program ({POP}) reference manual ocean component of the {C}ommunity {C}limate {s}ystem {M}odel (CCSM) and {C}ommunity {E}arth {S}ystem {M}odel ({CESM})},
  author={Smith, R and Jones, P and Briegleb, B and Bryan, F and Danabasoglu, G and Dennis, J and Dukowicz, J and Eden, C and Fox-Kemper, B and Gent, P and others},
  journal={Rep. LAUR-01853},
  volume={141},
  year={2010}
}


@article{moss2010next,
  title={The next generation of scenarios for climate change research and assessment},
  author={Moss, R. H. and Edmonds, J. A. and Hibbard, K. A. and Manning, M. R. and Rose, S. K. and Van Vuuren, D. P. and Carter, T. R. and Emori, S. and Kainuma, M. and Kram, T. and others},
  journal={Nature},
  volume={463},
  number={7282},
  pages={747--756},
  year={2010},
  publisher={Nature Publishing Group}
}


@article{schneider2015physics,
  title={Physics of changes in synoptic midlatitude temperature variability},
  author={Schneider, T. and Bischoff, T. and P{\l}otka, H.},
  journal={Journal of Climate},
  volume={28},
  number={6},
  pages={2312--2331},
  year={2015}
}

@article{sriver2015effects,
  title={Effects of initial conditions uncertainty on regional climate variability: An analysis using a low-resolution {CESM} ensemble},
  author={Sriver, R. L. and Forest, C. E. and Keller, K.},
  journal={Geophysical Research Letters},
  volume={42},
  number={13},
  pages={5468--5476},
  year={2015},
  publisher={Wiley Online Library}
}



@article{barnes2013response,
  title={Response of the midlatitude jets, and of their variability, to increased greenhouse gases in the {CMIP5} models},
  author={Barnes, E. A. and Polvani, L.},
  journal={Journal of Climate},
  volume={26},
  number={18},
  pages={7117--7135},
  year={2013}
}

@article{huybers2014us,
  title={{US} daily temperatures: The meaning of extremes in the context of nonnormality},
  author={Huybers, P. and McKinnon, K. A. and Rhines, A. and Tingley, M.},
  journal={Journal of Climate},
  volume={27},
  number={19},
  pages={7368--7384},
  year={2014}
}

@article{mckinnon2016changing,
  title={The changing shape of Northern Hemisphere summer temperature distributions},
  author={McKinnon, K. A. and Rhines, A. and Tingley, M. P. and Huybers, P.},
  journal={Journal of Geophysical Research: Atmospheres},
  volume={121},
  number={15},
  pages={8849--8868},
  year={2016},
  publisher={Wiley Online Library}
}

@article{mearns1995analysis,
  title={Analysis of daily variability of precipitation in a nested regional climate model: comparison with observations and doubled {CO}2 results},
  author={Mearns, L.O. and Giorgi, F. and McDaniel, L. and Shields, C.Ã¥},
  journal={Global and Planetary Change},
  volume={10},
  number={1-4},
  pages={55--78},
  year={1995},
  publisher={Elsevier}
}
